
@mastersthesis{CCalvarez,
  title={Bayesian Inference for a covariance matrix},
  author={Ignacio Alvarez},
  school =	 {Iowa State University},
  year={2014}
}


@article{barnard2000,
  title={Modeling covariance matrices in terms of standard deviations and correlations, with application to shrinkage},
  author={Barnard, John and McCulloch, Robert and Meng, Xiao-Li},
  journal={Statistica Sinica},
  volume={10},
  number={4},
  pages={1281--1312},
  year={2000},
  publisher={C/O DR HC HO, INST STATISTICAL SCIENCE, ACADEMIA SINICA, TAIPEI 115, TAIWAN}
}

@article{matilde,
  title={Estimation of covariance matrices based on hierarchical inverse-Wishart priors},
  author={Bouriga, Mathilde and F{\'e}ron, Olivier},
  journal={Journal of Statistical Planning and Inference},
  volume={143},
  number={4},
  pages={795--808},
  year={2013},
  publisher={Elsevier}
}

 @techreport{box1973bayesian,
  title={Bayesian Inference in Statistical Analysis},
  author={Box, George EP and Tiao, George C},
  year={1973},
  institution={DTIC Document}
}

@article{daniels1999,
  title={Nonconjugate Bayesian estimation of covariance matrices and its use in hierarchical models},
  author={Daniels, Michael J and Kass, Robert E},
  journal={Journal of the American Statistical Association},
  volume={94},
  number={448},
  pages={1254--1263},
  year={1999},
  publisher={Taylor \& Francis Group}
}
@article{gelman2006prior,
  title={Prior distributions for variance parameters in hierarchical models},
  author={Gelman, Andrew},
  journal={Bayesian Analysis},
  volume={1},
  number={3},
  pages={515--533},
  year={2006}
}


@book{bda2003,
  title={Bayesian data analysis},
  author={Gelman, Andrew and Carlin, John B and Stern, Hal S and Rubin, Donald B},
  year={2003},
  publisher={Chapman and Hall}
}

@book{bda2013,
  title={Bayesian data analysis},
  author={Gelman, Andrew and Carlin, John B and Stern, Hal S and Dunson, David B and Vehtari, Aki and Rubin, Donald B},
  year={2013},
  publisher={CRC press}
}

@book{gelmanhill,
  title={Data analysis using regression and multilevel/hierarchical models},
  author={Gelman, Andrew and Hill, Jennifer},
  year={2007},
  publisher={Cambridge University Press}
}

@article{hoffman2011no,
  title={The no-U-turn sampler: Adaptively setting path lengths in Hamiltonian Monte Carlo},
  author={Hoffman, Matthew D and Gelman, Andrew},
  journal={arXiv preprint arXiv:1111.4246},
  year={2011}
}
@article{huang2013simple,
  title={Simple marginally noninformative prior distributions for covariance matrices},
  author={Huang, Alan and Wand, MP and others},
  journal={Bayesian Analysis},
  volume={8},
  number={2},
  pages={439--452},
  year={2013},
  publisher={International Society for Bayesian Analysis}
}

@article{leonard1992,
  title={Bayesian inference for a covariance matrix},
  author={Leonard, Tom and Hsu, John SJ},
  journal={The Annals of Statistics},
  pages={1669--1696},
  year={1992},
  publisher={JSTOR}
}

@article{lewandowski2009generating,
  title={Generating random correlation matrices based on vines and extended onion method},
  author={Lewandowski, Daniel and Kurowicka, Dorota and Joe, Harry},
  journal={Journal of multivariate analysis},
  volume={100},
  number={9},
  pages={1989--2001},
  year={2009},
  publisher={Elsevier}
}
@article{SIW2008,
  title={Domain-level covariance analysis for multilevel survey data with structured nonresponse},
  author={O'Malley, A James and Zaslavsky, Alan M},
  journal={Journal of the American Statistical Association},
  volume={103},
  number={484},
  pages={1405--1418},
  year={2008},
  publisher={Taylor \& Francis}
}

@misc{odomain,
  title={Domain-Level Covariance Analysis for Survey Data with Structured Nonresponse},
  author={O'Malley, A James and Zaslavsky, Alan M},
  type =	 {Working Paper},
  year={2005},
   howpublished = {\url{http://www.stat.columbia.edu/~gelman/stuff_for_blog/omalley.pdf} }   
}

@article{yang1994,
  title={Estimation of a covariance matrix using the reference prior},
  author={Yang, Ruoyong and Berger, James O},
  journal={The Annals of Statistics},
  pages={1195--1211},
  year={1994},
  publisher={JSTOR}
}

@article{smith2002,
  title={Parsimonious covariance matrix estimation for longitudinal data},
  author={Smith, Michael and Kohn, Robert},
  journal={Journal of the American Statistical Association},
  volume={97},
  number={460},
  year={2002}
}

@misc{stan2014,
  author = {{Stan Development Team}},
  year = {2014},
  title = {Stan: A C++ Library for Probability and Sampling,
           Version 2.2},
  url = {http://mc-stan.org/}
}

@manual{stanmanual2014,
  author = {{Stan Development Team}},
  year = {2014},
  title = {Stan Modeling Language Users Guide and Reference Manual,
           Version 2.2},
  url = {http://mc-stan.org/}
}

@MISC{visualize,
    author = {Tokuda, Tomoki and Goodrich, Ben and Van Mechelen, Iven and  Gelman, Andrew},
    title = {Visualizing Distributions of Covariance Matrices},
    year = {2011},
     howpublished = {\url{http://www.stat.columbia.edu/~gelman/research/unpublished/Visualization.pdf}  }
}

@article{wong2003,
  title={Efficient estimation of covariance selection models},
  author={Wong, Frederick and Carter, Christopher K and Kohn, Robert},
  journal={Biometrika},
  volume={90},
  number={4},
  pages={809--830},
  year={2003},
  publisher={Biometrika Trust}
}

